<collection xmlns="http://www.loc.gov/MARC21/slim">
<record>
  <leader>01031nam0a22002051i 450 </leader>
  <controlfield tag="001">IT\ICCU\CNCE\058506</controlfield>
  <controlfield tag="005">20080327000000.0</controlfield>
  <datafield tag="100" ind1=" " ind2=" ">
    <subfield code="a">20040608d1592        0itac0103    ba</subfield>
  </datafield>
  <datafield tag="101" ind1=" " ind2=" ">
    <subfield code="a">ITA</subfield>
  </datafield>
  <datafield tag="102" ind1=" " ind2=" ">
    <subfield code="a">IT</subfield>
  </datafield>
  <datafield tag="200" ind1="1" ind2=" ">
    <subfield code="a">Memoriale de gli esercitii spirituali per le persone contemplatiue, nobili, et pouere. Con il modo di prepararsi per riceuer la santissima Communione, con molte orationi deuotissime. Composto dal r.p. maestro Gio. Battista Gori romano dell&apos;ordine di sant&apos;Agostino</subfield>
  </datafield>
  <datafield tag="210" ind1=" " ind2=" ">
    <subfield code="a">In Venetia</subfield>
    <subfield code="c">appresso Girolamo Discepolo</subfield>
    <subfield code="d">1592</subfield>
  </datafield>
  <datafield tag="215" ind1=" " ind2=" ">
    <subfield code="a">\16!, 96 p.</subfield>
    <subfield code="d">8ʻ</subfield>
  </datafield>
  <datafield tag="620" ind1=" " ind2=" ">
    <subfield code="a">IT</subfield>
    <subfield code="d">Verona</subfield>
  </datafield>
  <datafield tag="700" ind1=" " ind2="1">
    <subfield code="a">Gori,</subfield>
    <subfield code="b">Giovanni Battista</subfield>
    <subfield code="c"> &lt;agostiniano&gt;</subfield>
    <subfield code="3">IT\ICCU\CNCA\006212</subfield>
  </datafield>
  <datafield tag="712" ind1="0" ind2="0">
    <subfield code="a">Discepolo, Girolamo</subfield>
    <subfield code="3">IT\ICCU\CNCT\000153</subfield>
    <subfield code="4">650</subfield>
  </datafield>
  <datafield tag="790" ind1=" " ind2="1">
    <subfield code="a">Goro,</subfield>
    <subfield code="b">Ioannes Baptista</subfield>
    <subfield code="c"> &lt;agostiniano&gt;</subfield>
    <subfield code="3">IT\ICCU\CNCA\021246</subfield>
    <subfield code="z">Gori, Giovanni Battista &lt;agostiniano&gt;</subfield>
  </datafield>
  <datafield tag="791" ind1="0" ind2="0">
    <subfield code="a">Discipulus, Hieronymus</subfield>
    <subfield code="3">IT\ICCU\CNCT\004702</subfield>
    <subfield code="z">Discepolo, Girolamo</subfield>
  </datafield>
  <datafield tag="791" ind1="0" ind2="0">
    <subfield code="a">Discepoli, Gieronimo</subfield>
    <subfield code="3">IT\ICCU\CNCT\004703</subfield>
    <subfield code="z">Discepolo, Girolamo</subfield>
  </datafield>
  <datafield tag="801" ind1=" " ind2="3">
    <subfield code="a">IT</subfield>
    <subfield code="b">ICCU</subfield>
    <subfield code="c">20201115</subfield>
  </datafield>
</record>
</collection>
